
@article{chidamber_metrics_1994,
	title = {A metrics suite for object oriented design},
	volume = {20},
	issn = {0098-5589},
	doi = {10.1109/32.295895},
	number = {6},
	journal = {{IEEE} Transactions on Software Engineering},
	author = {Chidamber, Shyam R. and Kemerer, Chris F.},
	year = {1994},
	keywords = {Application software, automated data collection tool, Engineering management, Information management, Information technology, measurement principles, metrics suite, object oriented design, object oriented programming, object-oriented methods, object-oriented programming, Ontologies, organization, process improvement, Programming, software development, Software development management, Software engineering, Software measurement, software measures, software metrics, Technology management},
	pages = {476--493},
},

@inproceedings{muller_understanding_1993,
	series = {{CASCON} '93},
	title = {Understanding software systems using reverse engineering technology perspectives from the Rigi project},
	booktitle = {Proceedings of the 1993 conference of the Centre for Advanced Studies on Collaborative research: software engineering - Volume 1},
	publisher = {{IBM} Press},
	author = {Müller, Hausi A. and Tilley, Scott R and Wong, Kenny},
	year = {1993},
	keywords = {Related Work, Shimba, Verified},
	pages = {217–226},
},

@article{systa_shimba_2001,
	title = {Shimba - an environment for reverse engineering Java software systems},
	volume = {31},
	number = {4},
	journal = {Software: Practice and Experience},
	author = {Systä, Tarja and Koskimies, Kai and Müller, Hausi},
	year = {2001},
	keywords = {Related Work, Shimba, Unverified},
	pages = {371–394},
},

@inproceedings{systa_understanding_2000,
	title = {Understanding the behavior of Java programs},
	doi = {10.1109/WCRE.2000.891472},
	booktitle = {Proceedings of the Seventh Working Conference on Reverse Engineering},
	author = {Systä, Tarja},
	year = {2000},
	keywords = {Related Work, Shimba, Verified},
	pages = {214–223},
},

@article{koskimies_automated_1998,
	title = {Automated Support for Modeling {OO} Software},
	volume = {15},
	issn = {0740-7459},
	doi = {10.1109/52.646888},
	number = {1},
	journal = {{IEEE} Software},
	author = {Koskimies, Kai and Systä, Tarja and Tuomi, Jyrki and Männistö, Tatu},
	year = {1998},
	keywords = {Related Work, Shimba, Verified},
	pages = {87–94}
}