@inproceedings{Lincke2012,
address = {New York, USA},
author = {Lincke, Jens and Hirschfeld, Robert},
booktitle = {Proceedings of the International Workshop on Context-Oriented Programming - COP '12},
pages = {1--6},
publisher = {ACM Press},
title = {{Scoping Changes in Self-supporting Development Environments using Context-oriented Programming}},
year = {2012}
}